@article{ku20175g,
  title={5G radio access network design with the fog paradigm: Confluence of communications and computing},
  author={Ku, Yu-Jen and Lin, Dian-Yu and Lee, Chia-Fu and Hsieh, Ping-Jung and Wei, Hung-Yu and Chou, Chun-Ting and Pang, Ai-Chun},
  journal={IEEE Communications Magazine},
  volume={55},
  number={4},
  pages={46--52},
  year={2017},
  publisher={IEEE}
},

@misc{ericsson_ericsson_2019,
	type = {Technical {Report}},
	title = {Ericsson {Mobility} {Report} {November} 2019},
	url = {https://www.ericsson.com/en/mobility-report/reports/november-2019},
	author = {Ericsson},
	month = nov,
	year = {2019}
},

@article{zargar2013survey,
  title={A survey of defense mechanisms against distributed denial of service (DDoS) flooding attacks},
  author={Zargar, Saman Taghavi and Joshi, James and Tipper, David},
  journal={IEEE communications surveys \& tutorials},
  volume={15},
  number={4},
  pages={2046--2069},
  year={2013},
  publisher={IEEE}
},

@inproceedings{sattar2019towards,
  title={Towards secure slicing: Using slice isolation to mitigate DDoS attacks on 5G core network slices},
  author={Sattar, Danish and Matrawy, Ashraf},
  booktitle={2019 IEEE Conference on Communications and Network Security (CNS)},
  pages={82--90},
  year={2019},
  organization={IEEE}
},

@inproceedings{mamolar2019towards,
  title={Towards the Detection of Mobile DDoS Attacks in 5G Multi-Tenant Networks},
  author={Mamolar, Ana Serrano and Pervez, Zeeshan and Wang, Qi and Alcaraz-Calero, Jose M},
  booktitle={2019 European Conference on Networks and Communications (EuCNC)},
  pages={273--277},
  year={2019},
  organization={IEEE}
},

@inproceedings{li2018online,
  title={Online orchestration of cooperative defense against DDoS attacks for 5G MEC},
  author={Li, Hongjia and Wang, Liming},
  booktitle={2018 IEEE Wireless Communications and Networking Conference (WCNC)},
  pages={1--6},
  year={2018},
  organization={IEEE}
},

@inproceedings{dao2018maec,
  title={MAEC-X: DDoS prevention leveraging multi-access edge computing},
  author={Dao, Nhu-Ngoc and Vu, Duc-Nghia and Lee, Yunseong and Park, Minho and Cho, Sungrae},
  booktitle={2018 International Conference on Information Networking (ICOIN)},
  pages={245--248},
  year={2018},
  organization={IEEE}
},

@article{dao2017securing,
  title={Securing heterogeneous iot with intelligent ddos attack behavior learning},
  author={Dao, Nhu-Ngoc and Phan, Trung V and Kim, Joongheon and Bauschert, Thomas and Cho, Sungrae and others},
  journal={arXiv preprint arXiv:1711.06041},
  year={2017}
},

@article{praseed2018ddos,
  title={DDoS attacks at the application layer: Challenges and research perspectives for safeguarding Web applications},
  author={Praseed, Amit and Thilagam, P Santhi},
  journal={IEEE Communications Surveys \& Tutorials},
  volume={21},
  number={1},
  pages={661--685},
  year={2018},
  publisher={IEEE}
},

@inproceedings{ahrenholz2008core,
  title={CORE: A real-time network emulator},
  author={Ahrenholz, Jeff and Danilov, Claudiu and Henderson, Thomas R and Kim, Jae H},
  booktitle={MILCOM 2008-2008 IEEE Military Communications Conference},
  pages={1--7},
  year={2008},
  organization={IEEE}
},

@misc{goldstein_bonesi_nodate,
	title = {{BoNeSi} - the {DDoS} {Botnet} {Simulator}},
	url = {https://github.com/Markus-Go/bonesi},
	abstract = {BoNeSi, the DDoS Botnet Simulator is a Tool to simulate Botnet Traffic in a testbed environment on the wire. It is designed to study the effect of DDoS attacks.},
	author = {Goldstein, Markus}
},

@article{10.5555/1412202.1412204,
author = {Reese, Will},
title = {Nginx: The High-Performance Web Server and Reverse Proxy},
year = {2008},
issue_date = {September 2008},
publisher = {Belltown Media},
address = {Houston, TX},
volume = {2008},
number = {173},
issn = {1075-3583},
journal = {Linux J.},
month = sep,
articleno = {Article 2},
numpages = {1}
},

@misc{Suricata,
	title = {Suricata},
	url = {https://github.com/OISF/suricata},
	abstract = {Suricata is a network IDS, IPS and NSM engine.},
	author = {{Open Information Security Foundation}}
},

@misc{nginx-rtmp-module,
	title = {nginx-rtmp-module},
	url = {https://github.com/arut/nginx-rtmp-module},
	author = {Arutyunyan, Roman}
},

@misc{ffmpeg,
	title = {{FFmpeg}},
	url = {https://www.ffmpeg.org/}
},


@misc{artillery,
	title = {Artillery},
	url = {https://artillery.io/docs/getting-started/}
}